@manual{150GKM,
	title = {150GKM user's manual},
    year = {2016},
    organisation = {Kandi USA},
    author = {Kandi}
}

    
@techreport{3dradarDX,
	author = {3D-RADAR},
    title = {DX antenna array series},
    year = {2015},
    publisher = {3D-RADAR AS},
    location = {Norway}
}

@techreport{3dradarDXG,
	author = {3D-RADAR},
    title = {DXG antenna array series},
    year = {2015},
    publisher = {3D-RADAR AS},
    location = {Norway}
}

@online{Aman16,
	author = {Aman, F.},
	title = {Landmines still a major menace in Iran},
	url = {http://www.atlanticcouncil.org/blogs/iraninsight/landmines-still-a-major-menace-in-iran},
	year = {2016},
	urldate = {2016-22-10},
}

@book{Annan20091,
title = {Chapter 1 - Electromagnetic Principles of Ground Penetrating Radar},
editor = {Jol, H.M.},
booktitle = {Ground penetrating radar theory and applications},
publisher = {Elsevier},
address = {Amsterdam},
year = {2009},
pages = {1--40},
author = {Annan, A.P.},
}
 

@book{Ashby11,
 author = {Ashby, M.F.},
 title = {Materials Selection in Mechanical Design},
 year = {2011},
 publisher = {Butterworth-Heinemann},
 edition = {4},
}

@online{AustralianGovernment2016,
	author = {{Australian Government Department of Defence}},
	title = {Global operations},
	url = {http://www.defence.gov.au/operations/},
	year = {2016},
	urldate = {2016-28-05},
}

@online{baxter2012,
	author = {Baxter, A.},
	title = {'Panama' - Groundbreaking project aids UK troops},
	url = {http://www.ft.com/cms/s/0/e53c7e8a-2cec-11e2-beb2-00144feabdc0.html#axzz49IDfuMui},
	year = {2012},
	urldate = {2016-21-05},
}

@inproceedings{bhatia2000sensor,
  title={Sensor data fusion for mine detection from a vehicle-mounted system},
  author={Bhatia, I.L. and Diehl, V.E. and Moore, T. and Marble, J.A. and Tran, K. and Bishop, S.S.},
  booktitle={AeroSense 2000},
  pages={824--834},
  year={2000},
  organization={International Society for Optics and Photonics},
}

@phdthesis{bruschini02,
	author = {Bruschini, C.},
    title = {A Multidisciplinary Analysis of Frequency Domain Metal Detectors for Humanitarian Demining},
    year = {2002},
    school = {Vrije Universiteit Brussel},
}

@inproceedings{bruschini2000phase,
  title={Phase-angle-based EMI object discrimination and analysis of data from a commercial differential two-frequency system},
  author={Bruschini, C. and Sahli, H.},
  booktitle={AeroSense 2000},
  pages={1404--1419},
  year={2000},
  organization={International Society for Optics and Photonics},
}

@online{canada2004,
	author = {CASR},
	year = {2004},
	title = {ILDS remote detection vehicle},
	url = {http://www.casr.ca/bg-army-ilds-remote-detection-vehicle.htm},
	urldate = {2016-21-05},
}

@techreport{Candy2008,
	author = {Candy, B.},
    title = {Metal detector basics and theory},
    year = {2008},
    publisher = {Minelab},
    location = {Adelaide},
}

@manual{cinamGrillon,
    title = {Cinam grillon},
    year = {2016},
    organization = {Cinam - Industrial Surveys and Regional Planning},
    author = {Cinam},
    address = {Montpellier, France},
}

@techreport{chant2005dsto,
  title={DSTO landmine detection test targets},
  author={Chant, I. and Lee, D. and Ireland, D.},
  year={2005},
  institution={DTIC Document},
}

@techreport{coulter1992,
	author = {Coulter, R.},
    title = {Implementation of the pure pursuit path tracking algorithm},
    year = {1992},
    publisher = {Robotics Institute, Carnegie Mellon University},
    location = {Pittsburgh, Pennsylvania},
}

@inproceedings{cubber2014,
  title={Teodor - A semi-autonomous search and rescue and demining robot},
  author={De Cubber, G. and Balta, H. and Claude, L.},
  booktitle={6TH International Conference on Advanced Concepts on Mechanical Engineering},
  year={2014},
}

@inproceedings{daniels2005,
  title={MINEHOUND production development},
  author={Daniels, D.J. and Curtis, P. and Amin, R. and Hunt, N.},
  booktitle={Detection and Remediation Technologies for Mine and Minelike Targets X},
  volume={5794},
  year={2005},
  organization={SPIE},
  pages={488--494},
}

@inproceedings{das2002soil,
  title={Soil properties database for humanitarian demining: A proposed initiative},
  author={Das, Y. and McFee, J.E. and Cross, G.},
  booktitle={17th World Congress of Soil Science},
  pages={14--21},
  year={2002},
}

@article{fukushima2008,
  title={Humanitarian demining robot Gryphon - Current status and an objective evaluation},
  author={Fukushima, E.F. and Freese, M. and Matsuzawa, T. and Aibara, T. and Hirose, S.},
  journal={International Journal on Smart Sensing and Intelligent Systems},
  volume={1},
  number={3},
  pages={735--753},
  year={2008},
}

@article{gader2000fuzzy,
  title={Fuzzy logic detection of landmines with ground penetrating radar},
  author={Gader, P.D. and Nelson, B.N. and Frigui, H. and Vaillette, G. and Keller, J.M},
  journal={Signal Processing},
  volume={80},
  number={6},
  pages={1069--1084},
  year={2000},
  publisher={Elsevier},
}

@techreport{general2009,
	author = {{General Dynamics Canada}},
	title = {FORESIGHT landmine detection systems},
	year = {2009},
    location={Canada},
}	

@techreport{Giesbrecht2005,
	author = {Giesbrecht, J. and Mackay, D. and Collier, J. and Verret, S.},
    title = {Path tracking for unmanned ground vehicle navigation},
    year = {2005},
    publisher = {Defence Research and Development Canada},
    location = {Canada},
}

@techreport{Gilbert2003,
	author={Gibert, E.},
    title={Distance functions and their application to robot path path planning in the presence of obstacles},
    year={2003},
    publisher={IEEE},
    location={USA},
}

@book{habib2008,
	author = {Habib, M.K.},
	title = {Humanitarian demining -  The problems, difficulties, priorities, demining technology and the challenge for robotics},
	editor = {Habib, M.K.},
	booktitle = {Humanitarian demining - Innovative solutions and the challenges of technology},
	publisher = {InTech},
	address = {Vienna},
	year = {2008},
	isbn = {978-3-902613-11-0},
	url = {http://cdn.intechweb.org/pdfs/805.pdf},
}

@online{hennessey2014,
	author = {Hennessey, M.},
	title = {Robot used for lifesaving humanitarian research in minesweeping},
	url = {http://www.clearpathrobotics.com/2014/01/minesweeping-robot/},
	year = {2014},
	urldate = {2016-21-05},
}

@techreport{Ho2008,
	author = {Ho, K. and Carin, L. and Gader, P. and Wilson, J.},
    title = {An investigation of using the spectral characteristics from ground penetrating radar for landmine/clutter discrimination},
    year = {2008},
    publisher = {IEEE Transactions on Geoscience and Remote Sensing},
}

@techreport{Ho.etal2004,
	author = {Ho, K. and Collins, L. and Huettel, L. and Gader, P.},
    title = {Discrimination mode processing for EMI and GPR sensors for hand-held land mine detection},
    year = {2004},
    publisher = {IEE Electronics Letters},
}

@techreport{hovercraft2009,
	author = {Brown, R. and Krieg, B. and Kurji, R. and Hocking, P. and McLay, A. and Norton, J.},
	title = {Design and build of an autonomous hovercraft for landmine detection},
	year = {2009},
	publisher = {The University of Adelaide},
	location = {Adelaide, Australia},
}

@inproceedings{huettel2003region,
  title={Region processing of EMI data for landmine detection},
  author={Huettel, L.G. and Riggs, L.S. and Collins, L.M.},
  booktitle={Proc. of SPIE Vol},
  volume={5089},
  pages={681},
  year={2003},
}


@techreport{invensense2013,
	author = {InvenSense},
    title = {MPU-6000 and MPU-6050 Product Specification Revision 3.4},
    year = {2013},
    location = {California, USA},
}

@online{Irvine2013,
	author={Ivine, T.},
    title={Dunkely's method},
    url={https://vibrationdata.wordpress.com/2013/01/16/dunkerleys-method/},
    year={2013},
    urldate={2016-22-10},
    }

@book{johnson2005pid,
  title={PID control},
  author={Johnson, M.A. and Moradi, M.H.},
  year={2005},
  publisher={Springer},
}

@misc{keeley2003understanding,
  title={Understanding landmines and mine action},
  author={Keeley, R.},
  year={2003},
  publisher={Mine Action Canada, September},
}

@article{Khamis13,
  title={Minesweepers: Towards a landmine-free Egypt, a humanitarian demining robotic competition},
  author={Khamis, A.},
  journal={The Journal of ERW and Mine Action},
  volume={17},
  issue={1},
  pages={24--27},
  year={2013},
}

@article{ko2012gpr,
  title={GPR-based landmine detection and identification using multiple features},
  author={Ko, K.H. and Jang, G. and Park, K. and Kim, K.},
  journal={International Journal of Antennas and Propagation},
  year={2012},
  publisher={Hindawi Publishing Corporation},
}

@techreport{Kruger2006,
	author = {Kruger, H. and Ewald, H. and Fechner, T. and Bergeler, S.},
    title = {New signal processing for metal detectors in the humanitarian mine clearance},
    year = {2006},
    publisher = {ECNDT},
    location = {Rostock},
}

@online{landmineMonitor2015,
	author = {{Landmine \& Cluster Munition Monitor}},
	title = {Landmine monitor 2015 - Major findings},
	year = {2015}, 
	url = {http://www.the-monitor.org/en-gb/reports/2015/landmine-monitor-2015/major-findings.aspx},
	organization={Landmine and Cluster Munition Monitor},
	urldate = {2016-15-05},
}

@inproceedings{laudato2014,
  title={Vehicle-mounted ground penetrating radar (Mine Stalker III) field evaluation in Angola},
  author={Laudata, S. and Hart, K. and Nevard, M. and Lauziere, S. and Grant, S.},
  booktitle={Detection and Sensing of Mines, Explosive Objects and Obscured Targets XIX},
  volume={9072},
  year={2014},
  organization={SPIE},
}

@unpublished{lee00,
author = {Lee, CP},
title = {Mine detection techniques using multiple sensors},
year = {2000},
note = {The University of Tennessee at Knoxville},
}

@book{Ledin2003,
 author = {Ledin, Jim},
 title = {Embedded Control Systems in C/C++},
 year = {2003},
 isbn = {1578201276, 9781578201273},
 publisher = {CRC Press, Inc.},
 address = {Boca Raton, FL, USA},
}

@techreport{Lundgren2003,
	author= {Lundgren, M.},
    title={Path tracking of a miniature robot},
    year={2003},
    location={Sweden},
    }
    
@online{L32012,
	author = {{L3 CyTerra}},
	year = {2012},
	title = {AN/PSS-14},
	url = {http://www.cyterra.com/products/anpss14.htm},
	urldate = {2016-02-06},
}

@inproceedings{marble2010dual,
  title={Dual sensor platforms for UXO/landmine detection using GPR and EMI},
  author={Marble, J. and Hong, K.},
  booktitle={SPIE Defense, Security, and Sensing},
  pages={76641--76641},
  year={2010},
  organization={International Society for Optics and Photonics},
}


@techreport{minelabF3,
	author = {{MineLab}},
	title = {F3 mine and UXO detectors},
	year = {2016},
    publisher = {{Minelab}},
    location={Adelaide},
}

@techreport{minelabArray,
	author = {{MineLab}},
	title = {STMR array - vehicle mounted metal detector},
	year = {2016},
    publisher = {{Minelab}},
    location={Adelaide},
}

@online{Nahrawy2011,
	author = {El-Nahrawy, M.},
	title = {Country pasture/forage resource profile},
	url = {http://www.fao.org/ag/agp/agpc/doc/counprof/egypt/egypt.html},
	organization = {Ministry of Agriculture \& Land Reclamation},
	year = {2011},
	urldate = {2016-11-05},
}

@online{NATOnewsroom,
	author = {{NATO}},
	title = {Egyptian desert: new technologies for landmine detection},
	url = {http://www.nato.int/cps/en/natolive/news_108818.htm},
	organization = {North Atlantic Treaty Organization},
	year = {2014},
	urldate = {2016-11-05},
}

@techreport{niitek2015,
	author = {NIITEK},
	title = {Minestalker series - Humanitarian demining},
	year = {2015},
    location={USA},
}

@conference{portugal2014,
	author = {Portugal, D. and Marques, L. and Armada, M.},
	title = {Deploying field robots for humanitarian demining: Challenges, requirements and research trends},
	booktitle = {Proceedings of the 17th International Conference on Climbing and Walking Robots (CLAWAR 2014)},
	year = {2014},
}

@techreport{Osumi1984,
	author = {Osumi, N. and Ueno, K.},
    title = {Microwave holographic imaging method with improved resolution},
    year = {1984},
    publisher = {IEEE Transactions on Antennas and Propagation},
}

@techreport{rd8000,
	author = {{SPX Corporation}},
    title = {RadioDetection RD8000 - Universal precision cable, pipe and RF marker locator range},
    year = {2014},
    publisher = {SPX Corporation},
    location = {Charlotte},
}

@article{Rushfan2008,
	author = {Rushfan},
	title = {10 Countries with the most Landmines},
	url = {http://listverse.com/2008/08/11/10-countries-with-the-most-landmines/},
	organization = {Listverse},
	year = {2008},
	urldate = {2016-11-05},
}

@phdthesis{sakaguchi2013image,
  title={Image processing methods applied to landmine detection in ground penetrating radar},
  author={Sakaguchi, R.},
  year={2013},
  school={Duke University},
}

@techreport{sakaguchi2014,
	author = {Sakaguchi, R. and Morton, K. and Collins, L. and Torrione, P.},
	title = {Physics-based deformations of ground penetrating radar signals to improve the detection of buried explosives},
	year = {2014},
	publisher = {Duke University},
	location = {Durham},
}

@article{Samuel2016,
	title={A review of some Pure-Persuit based path tracking techniques for control of autonomous vehicle},
    author={Samuel, M. and Hussein, M. and Muhamad, M.},
    journal={International jounral of computer applications},
    issue= {135},
    year={2016},
    }
    
@article{santos2007,
  title={A six-legged robot-based system for humanitarian demining missions},
  author={De Santos, P.G. and Cobano, J.A. and Garcia, E. and Estremera, J. and Armada, M.A.},
  journal={Mechatronics},
  issue={17},
  pages={417--430},
  year={2007},
}

@inproceedings{sato2005,
  title={Evaluation of a hand-held GPR MD sensor system (ALIS)},
  author={Sato, M. and Fujiwara, J. and Feng, X. and Zhou, Z. and Kobayashi, T.},
  booktitle={International workshop on Robotics and Mechanical Assistance in Humanitarian Demining},
  year={2005},
  organization={IARP},
  pages={21--26},
}

 @inproceedings{schavemaker2001depth,
  title={Depth fusion for antipersonnel landmine detection},
  author={Schavemaker, J.G.M. and den Breejen, E. and Cremer, F. and Schutte, K. and Benoist, K.W.},
  booktitle={Aerospace/Defense Sensing, Simulation, and Controls},
  pages={1071--1081},
  year={2001},
  organization={International Society for Optics and Photonics},
}

@techreport{scheiner2011,
	author = {Scheiner, D.},
	title = {Autonomous quad bike},
	year = {2011},
	publisher = {The University of Adelaide},
	location = {Adelaide, Australia},
}

@techreport{shresta2003,
	author = {Shrestha, S. and Arai, I.},
	title = {Signal processing of ground penetrating radar using spectral estimation techniques to estimate the position of buried targets},
	year = {2003},
	publisher = {Hindawi Publishing Corporation},
	location = {Tokyo},
}

@mastersthesis{snider2009,
	author = {Snider, J.},
    title = {Automatic steering methods for autonomous automobile path tracking},
    year = {2009},
    publisher = {Robotics Institute, Carnegie Mellon University},
    location = {Pittsburgh, Pennsylvania},
}

@article{Takahashi10,
  title={ITEP evaluation of metal detectors and dual-sensor detectors},
  author={Takahashi, K. and Gulle, D.},
  journal={The Journal of ERW and Mine Action},
  volume={14},
  issue={3},
  pages={76--79},
  year={2010},
}

@inproceedings{tantum2002comparison,
  title={Comparison of algorithms for land mine detection and discrimination using ground penetrating radar},
  author={Tantum, S.L. and Wei, Y. and Munshi, V.S. and Collins, L.M},
  booktitle={AeroSense 2002},
  pages={728--735},
  year={2002},
  organization={International Society for Optics and Photonics},
}

@online{think2012,
	author = {{Think Defence}},
	title = {IED's, mines, clearance and Talisman},
	url = {http://www.thinkdefence.co.uk/2012/07/ieds-mines-route-clearance-and-talisman/},
	year = {2012},
	urldate = {2016-21-05},
}

@inproceedings{torrione2006ground,
  title={Ground response tracking for improved landmine detection in ground penetrating radar data},
  author={Torrione, P. and Collins, L.},
  booktitle={2006 IEEE International Symposium on Geoscience and Remote Sensing},
  pages={153--156},
  year={2006},
  organization={IEEE},
}

@phdthesis{tran2007modelling,
  title={Modelling and control of unmanned ground vehicles},
  author={Tran, Thanh Hung},
  year={2007},
  school={University of Technology, Sydney, Australia}
}

@incollection{tran2009evaluation,
  title={Evaluation of the continuous wavelet transform for feature extraction of metal detector signals in automated target detection},
  author={Tran, M.D. and Abeynayake, C.},
  booktitle={New Advances in Intelligent Decision Technologies},
  pages={245--253},
  year={2009},
  publisher={Springer},
}

@techreport{ublox2011,
	title={NEO-6 u-blox 6 GPS Modules Data Sheet},
    author = {ublox},
    year = {2011},
    location = {Thalwil, Switzerland}
}

@online{usradar,
	author = {{US Radar Inc.}},
	title = {Ground penetrating radar (GPR) products - 2000 series 2D and 2D concrete inspection system},
	url = {http://www.usradar.com/ground-penetrating-radar-gpr/modular-expandable-gpr/3d-and-2d-concrete-inspection-scanning/2000-series},
	organization = {(US Radar Inc.)},
	year = {2011},
	urldate = {2016-11-05},
}

@online{WM2016,
	author = {{WM Robots}},
	year = {2016},
	title = {Vallon VMR3},
	url = {http://www.wmrobots.com/products/metal-and-mine-detection/dual-sensor-detectors/vallon-vmr3-kit/},
	urldate = {2016-02-06},
}

@techreport{Xu1990,
	author = {Xu, L. and Oja, E. and Kutltanen, P.},
    title = {A new curve detection method: randomised Hough transform (RHT)},
    year = {1990},
    publisher = {Pattern Recognition Letters},
}

@techreport{Yarovoy2009,
	author = {Yarovoy, A.},
    title = {Landmine and unexploded ordnance detection and classification with ground penetrating radar},
    year = {2009},
    publisher = {Ground Penetrating Radar Theory and Applications},
}

@inproceedings{zhang2010study,
  title={Study on steering actuator transfer function of picking mobile robot},
  author={Zhang, Z. and He, D. and Lu, T. and Hashim, S.},
  booktitle={Communications and Mobile Computing (CMC), 2010 International Conference on},
  volume={1},
  pages={200--204},
  year={2010},
  organization={IEEE}
}

@inproceedings{zhang2009fuzzy,
  title={Fuzzy control of picking mobile robot throttle open rate},
  author={Zhang, Z. and He, D. and Lu, T. and Liddy, T.},
  booktitle={Intelligent Computing and Intelligent Systems, 2009. ICIS 2009. IEEE International Conference on},
  volume={1},
  pages={170--174},
  year={2009},
  organization={IEEE}
}

@article{zhao2012design,
  title={Design of a control system for an autonomous vehicle based on adaptive-PID},
  author={Zhao, P. and Chen, J. and Song, Y. and Tao, X. and Xu, T. and Mei, T.},
  journal={International Journal of Advanced Robotic Systems},
  volume={9},
  year={2012},
  publisher={InTech}
}

@article{zoubir2002signal,
  title={Signal processing techniques for landmine detection using impulse ground penetrating radar},
  author={Zoubir, A.M. and Chant, I.J. and Brown, C.L. and Barkat, B. and Abeynayake, C.},
  journal={IEEE sensors journal},
  volume={2},
  number={1},
  pages={41--51},
  year={2002}
}